<?xml version="1.0" encoding="UTF-8"?><collection xmlns="http://www.loc.gov/MARC21/slim"><record><leader>00513nam--2200133-i-4500</leader><controlfield tag="001">000013371</controlfield><controlfield tag="002">20161230</controlfield><controlfield tag="005">20161230201030</controlfield><controlfield tag="008">060222s1000------------r-----000-0-eng-d</controlfield><datafield ind1=" " ind2=" " tag="080"><subfield code="a">664.8.039.5(043)</subfield></datafield><datafield ind1=" " ind2=" " tag="100"><subfield code="a">Bayonove-barthelemy, Jacqueline</subfield></datafield><datafield ind1=" " ind2=" " tag="245"><subfield code="a">Les semences d un riz de camarque (oryza sativ a l.var cigalon) et leurs reponses aux radio-e xpositions gamma de 60co. etude d un phenomene de radioprotection naturelle. these</subfield></datafield><datafield ind1=" " ind2=" " tag="260"><subfield code="a">Languedoc, Universite, 1978 Xv + 365 P. + 11 Planse</subfield></datafield><datafield ind1=" " ind2=" " tag="852"><subfield code="a">48401</subfield></datafield></record></collection>